<?xml version="1.0" encoding="UTF-8"?><record xmlns="http://www.loc.gov/MARC21/slim" xmlns:cinclude="http://apache.org/cocoon/include/1.0" xmlns:zs="http://www.loc.gov/zing/srw/">
  <leader>00461nz  a2200133n  4500</leader>
  <controlfield tag="001">no2005017972</controlfield>
  <controlfield tag="003">DLC</controlfield>
  <controlfield tag="005">20050225051933.0</controlfield>
  <controlfield tag="008">050224n| acannaabn          |n aaa     c</controlfield>
  <datafield tag="010" ind1=" " ind2=" ">
    <subfield code="a">no2005017972</subfield>
  </datafield>
  <datafield tag="035" ind1=" " ind2=" ">
    <subfield code="a">(OCoLC)oca06568339</subfield>
  </datafield>
  <datafield tag="040" ind1=" " ind2=" ">
    <subfield code="a">DI-GS</subfield>
    <subfield code="b">eng</subfield>
    <subfield code="c">DI-GS</subfield>
  </datafield>
  <datafield tag="100" ind1="1" ind2=" ">
    <subfield code="a">Fairbanks, Cedric D.</subfield>
  </datafield>
  <datafield tag="670" ind1=" " ind2=" ">
    <subfield code="a">Electronic files of shear-wave velocity and cone penetration test measurements from the Charleston quadrangle, South Carolina, 2004:</subfield>
    <subfield code="b">t.p. (Cedric D. Fairbanks)</subfield>
  </datafield>
</record>